@misc{burda2018exploration,
    title={Exploration by Random Network Distillation},
    author={Yuri Burda and Harrison Edwards and Amos Storkey and Oleg Klimov},
    year={2018},
    eprint={1810.12894},
    archivePrefix={arXiv},
    primaryClass={cs.LG}
}
